@inproceedings{falmodaresit:2017:mldd,
  author = {F. Almodaresi and L. Ungar and V. Kulkarni and M. Zakeri and S. Giorgi and H.A. Schwartz},
  title = {On the Distribution of Lexical Features in Social Media},
  note = {Accepted in ACL 2017},
  year = {2017}
}

@inproceedings{mzakeri:2017:factorization,
  author = {M. Zakeri and A. Srivastava and F. Almodaresi and R. Patro},
  title = {Data Driven Likelihood Factorizations Improve Lightweight Transcript Abundance Estimation},
  note = {Accepted in ISMB 2017},
  year = {2017}
}

@article{falmodaresit:2014:personality,
  year  = {1392},
  volume = {8},
  number = {2},
  pages = {81-92},
  author = {F. Almodaressi and N. Mozayani and M.R. Jahed and M. Ahmadi},
  title = {The Relation between Friendship and Academic Performance in University Students: Role of Personality},
  journal = {Journal of Technology of Education},
  note = {In Persian}
}


