@misc{patro:2010:LFDPoster,
author = {Patro, Rob and Kingsford, Carl},
title = {{L}earning from {D}iversity: {E}pitope {P}rediction with {S}equence and {S}tructure {F}eatures using an {E}nsemble of {S}upport {V}ector {M}achines},
year = 2010,
note = {{W}inner, {DREAM5} {C}hallenge 1 {C}ompetition. {P}resented at {RECOMB} {S}ystems {B}iology {S}atellite {C}onference}
}

@article{phillippy:2009:dsim,
	title = {Improving the {G}enome {S}equence of {D}. simulans via {C}o-assembly of {M}ultiple {S}trains},
	year = 2009,
	month = {May},
	journal = {Biology of Genomes},
	type = {Poster},
	address = {Cold Spring Harbor, NY},
	author = {Phillippy, Adam and Schatz, Michael and Chabuk, Timur and Liu, Bo and Patro, Rob and Salzberg, Steven}
}

@article{patro:2013:GHOSTPosterCSHL,
author = {Patro, Rob and Kingsford, Carl},
title = {{G}lobal {N}etwork {A}lignment {U}sing {M}ultiscale {S}pectral {S}ignatures},
year = 2013,
month = {March},
journal = {Systems Biology: Networks},
type = {Poster},
address = {Cold Spring Harbor, NY}
}

@article{patro:2013:GHOSTPoster,
author = {Patro, Rob and Kingsford, Carl},
title = {{G}lobal {N}etwork {A}lignment {U}sing {M}ultiscale {S}pectral {S}ignatures},
year = 2013,
month = {May},
journal = {{GLBIO} Conference}
}

@article{patro:2012:GHOSTPosterISMB,
author = {Patro, Rob and Kingsford, Carl},
title = {{G}lobal {N}etwork {A}lignment {U}sing {M}ultiscale {S}pectral {S}ignatures},
year = 2012,
month = {July},
journal = {20th Annual International Conference on Intelligent Systems for Molecular Biology}
}
