@article{patro:2016:WeillCornell,
author = {Patro, Rob},
year = {2016},
month = {March},
title = {{Rethinking the big BAM: Analysis-efficient computing for improved transcriptome analysis}},
journal = {{Weill Cornell Institute for Computational Biomedicine Seminar}}
}

@article{patro:2016:NewDealTranscriptomics,
author = {Patro, Rob},
year = {2016},
title = {{A New Deal for Transcriptomics: Better Biology through Better Algorithms}},
journal = {{Laufer Center for Quantitative Biology Seminar}}
}

@article{filippova:2015:ArmatusTalk,
author = {Filippova, Darya and Patro, Rob and Duggal, Geet and Kingsford, Carl},
year = {2015},
title = {Identification of alternative topological domains in chromatin},
journal = {{ACM Conference on Bioinformatics, Computational Biology, and Health Informatics}},
address = {{Atlanta, GA}},
note = {(highlight talk, presented by Filippova)}
}

@article{patro:2015:LightweightTranscriptomics,
author = {Patro, Rob},
year = 2015,
month = {September},
title = {The wait is over: lightweight methods for accurate, fast and scalable analysis of transcriptomes
},
journal = {New York Genome Center, invited talk},
address = {New York, NY}
}

@article{patro:2015:SailfishHighlightRECOMB,
  author = {Patro, Rob and Mount, Stephen and Kingsford, Carl},
  year = 2015,
  month = {April},
  title = {{Sailfish and Salmon enable alignment-free isoform quantification from RNA-seq reads using lightweight algorithms}},
  journal = {RECOMB 2015 Highlight Talk},
  address = {Warsaw, PL}
}

@article{patro:2015:SalmonTalkCSHL,
  author = {Patro, Rob and Mount, Stephen and Kingsford, Carl},
  year = 2015,
  month = {March},
  title = {{Salmon spawns the next the next generation of RNA\-seq analysis with versatile and ultrafast transcript quantification}},
  journal = {Simons Center for Quantitative Biology Seminar},
  address = {Cold Spring Harbor, NY}
}

@article{patro:2013:SailfishTalkCSHL,
  author = {Patro, Rob and Mount, Stephen and Kingsford, Carl},
  year = 2013,
  month = {October},
  title = {{Sailfish --- RNA-seq Expression Estimates Need Not Take Longer Than a Cup of Coffee}},
  journal = {Genome Informatics},
  address = {Cold Spring Harbor, NY}
}


@article{patro:2013:SailfishTalk,
  author = {Patro, Rob and Mount, Stephen and Kingsford, Carl},
  year = 2013,
  title = {{Sailfish: Expression Estimates Shouldn't Take Longer than a Cup of Coffee}},
  journal = {Automated Personal Genome Analysis for Clinical Advisors},
  address = {Pittsburgh, PA}
}

@misc{patro:2010:LFDTalk,
author = {Patro, Rob and Kingsford, Carl},
title = {{L}earning from {D}iversity: {E}pitope {P}rediction with {S}equence and {S}tructure {F}eatures using an {E}nsemble of {S}upport {V}ector {M}achines},
year = 2010,
note = {{W}inner, {DREAM5} {C}hallenge 1 {C}ompetition. {P}resented at {RECOMB} {S}ystems {B}iology {S}atellite {C}onference}
}

@article{patro:2013:GHOSTTalk,
author = {Patro, Rob and Kingsford, Carl},
title = {{G}lobal {N}etwork {A}lignment {U}sing {M}ultiscale {S}pectral {S}ignatures},
year = 2013,
month = {May},
journal = {{GLBIO} Conference}
}
